<?xml version="1.0" encoding="UTF-8"?><collection xmlns="http://www.loc.gov/MARC21/slim"><record><leader>00387nam--2200121-i-4500</leader><controlfield tag="001">000038858</controlfield><controlfield tag="002">20161230</controlfield><controlfield tag="005">20161230201042</controlfield><controlfield tag="008">060222s1000------------r-----000-0-eng-d</controlfield><datafield ind1=" " ind2=" " tag="245"><subfield code="a">Research in photosynthesis. papers and discussions presented at the gatlinburg conference oct.25-29, 1955</subfield></datafield><datafield ind1=" " ind2=" " tag="260"><subfield code="a">New York, Interscience Publ.Inc., 1957, Xiv + 524p</subfield></datafield><datafield ind1=" " ind2=" " tag="700"><subfield code="a">Gaffron, H</subfield></datafield><datafield ind1=" " ind2=" " tag="852"><subfield code="a">13434</subfield></datafield></record></collection>